@Article{a,
  title ="Detecting, tracking and counting fish in low quality unconstrained underwater videos",
  author="Spampinato, C. and Chen-Burger,Y.H. and Nadarajan,G. and Fisher,R.",
  journal="VISAPP (2)",
  pages="514--519",
  year="2008",
  publisher="Citeseer"
}

@Article{b,
  title="Video tracking: a concise survey",
  author="Trucco E. and Plakas K.",
  journal="Oceanic Engineering, IEEE Journal",
  volume="31",
  number="2",
  pages="520--529",
  year="2006",
  publisher="IEEE"
}

@Article{c,
  title="One fish, two fish, butterfish, trumpeter: Recognizing fish in underwater video",
  author="A. Rova and G. Mori and L.M. Dill",  
  journal="http://www.cvl.iis.u-tokyo.ac.jp/mva/proceedings/2007CD/papers/11-02.pdf"
}

@Article{d,
  title="Tracking of Multiple Worms and Fish for Biological Studies",
  author="Ebraheem Fontaine and Alan Barr and Joel Burdick",
  journal="http://www.cvl.iis.u-tokyo.ac.jp/mva/proceedings/2007CD/papers/11-02.pdf"
}

@Article{e,
  title="Two Algorithms for Motion Estimation from Alternate Exposure Images",
  author="Anita Sellent and Martin Eisemann and Marcus Magnor",
  journal="Institut fur Computergraphik, TU Braunschweig, Germany"
}

@Article{f,
  title="Méthodes de suivi d’un objet en mouvement sur une vidéo",
  author="Anne-Claire Maheo and Raul Montoliu Colas",
  journal="Département d’ingénierie et des sciences informatiques, Institut Supérieur de l’Électronique et du Numérique"
}

@Article{g,
  title="Fish Detection and Tracking",
  author="A. Faro and D. Giordano and S. Palazzo and C. Spampinato",
  journal="IST – 257024 – Fish4Knowledge"
}

@Article{h,
  title="Object Matching Using Deformable Templates",
  author="A.K. Jain and Fellow IEEE and Y. Zhong and S. Lakshmanan",
  journal="Oceanic Engineering, IEEE Journal",
  year="1996",
  publisher="IEEE"
}

@Article{i,
  title = "Introduction to Video and Image Processing",
  author = "T.B. Moeslund",
  journal = "Undergraduate Topics in Computer Science",
  year = "2012",
  publisher = "Springer-Verlag London"
}

@Article{j,
  title = "Topological Structural Analysis of digitized Binary Images by Border Following",
  author = "Satoshi Suzuki and Keiichi Abe",
  journal = "Computer Vision, Graphics and Image Processing",
  year = "1985",
}

@Article{k,
  title = "Moving Object Tracking in Video",
  author = "Yiwei Wang and John Doherty and Robert Van Dyck",
  journal = "Department of Electrical Engineering, The Pennsylvania State University, National Institute of Standards and Technology",
  year = "",
  publisher = ""
}

@Article{l,
  title = "Object Tracking in a Video Sequence, CS 229 Final Project Report",
  author = "Young Min Kim",
  journal = "CS 229, Stanford University",
  year = "",
  publisher = "Stanford University"
}

@Article{m,
  title = "Block Matching for Object Tracking",
  author = "A. Gyaourova and C. Kamath and S.-C. Cheung",
  journal = "Lawrence LiverMore National Laboratory",
  year = "2003",
  publisher = "Lawrence LiverMore National Laboratory"
}

@Book{n,
  title = "Numerical Recipes the art of scientific computing",
  number = "3",
  author = "William H. Press and Saul A. Teukolsky and William T. Vetterling and Brian P. Flannery",
  year = "2007",
  publisher = "Cambridge University Press"
}

@Article{o,
  title = "Good Features to Track",
  author = "J. Shi and C. Tomasi",
  journal = "9th IEEE Conference on Computer Vision and Pattern Recognition",
  year = "1994",
  publisher = "Springer"
}

@Article{p,
  title = "A Computational Approach To Edge Detection",
  author = "J. Canny",
  journal = "IEEE Transactions on Pattern Analysis and Machine Intelligence",
  number="8",
  pages="679--714",
  year = "1986"
}

@Article{q,
  title = "A combined corner and edge detector",
  author = "C. Harris and M. Stephens",
  journal = "Proceedings of the 4th Alvey Vision Conference",
  pages="147-151",
  year = "1988",
  publisher = "The Plessey Company plc."
}

@Article{r,
  title = "Ondelettes et problèmes mal posés : la mesure du flot optique et l’interpolation irrégulière",
  author = "Christophe Bernard",
  journal = "Thèse de l'École Polytechnique",
  year = "1999",
  publisher = "École des Mines de Paris "
}

@Book{s,
  title = "Digital image processing",
  number = "2",
  author = "Rafael C. Gonzalez and Richard E. Woods",
  year = "2002",
  publisher = "Prentice-Hall Inc."
}

@InProceedings{t,
  author = "Herbert Bay, Tinne Tuytelaars and Luc Van Gool",
  title = "SURF : Speeded Up Robust Features ",
  booktitle = "9th European Conference on Computer Vision",
  year = "2006",
  month = "may",
  organization = "Graz, Austria"
}

@Article{u,
  author = "Herbert Bay, Andreas Ess, Tinne Tuytelaars and Luc Van Gool",
  title = "SURF : Speeded Up Robust Features",
  journal = "Computer Vision and Image Understanding",
  year = "2008",
  volume = "110",
  number = "3",
  pages = "346-359"
}

@InProceedings{v,
  author ="Crow, Franklin",
  title = "Summed-area tables for texture mapping",
  booktitle = "Proceedings of the 11th annual conference on Computer graphics and interactive techniques",
  pages = "207-212",
  year = "1984",
  editor = "SIGGRAPH '84"
}

@Article{w,
  author = "Paul Viola and Michael Jones",
  title = "Robust Real-time Object Detection",
  journal = "International Journal of Computer Vision",
  year = "2001"
}

@InProceedings{x,
  author = "Witkin, A. P.",
  title = "Scale-space filtering",
  booktitle = "Proceedings of the 8th International joint conference in artificial intelligence", 
  pages = "1019-1022",
  year = "1983",
  organization = "Karlsruhe, Germany"
}

@Article{y,
  author = " Koenderink, Jan",
  title = "The structure of images",
  journal = "Biological Cybernetics",
  volume = "50",
  pages =  "363-370",
  year = "1984"
}

@Book{z,
  author = "Florack, Luc",
  title = "Image Structure",
  publisher = "Kluwer Academic Publishers",
  year = "1997"
}

@Book{aa,
  author = "Romeny, Bart ter Haar",
  title = "Front-End Vision and Multi-Scale Image Analysis",
  publisher = "Kluwer Academic Publishers",
  year = "2003"
}

@PHDTHESIS{condIsard,
  title = "Visual Motion Analysis by Probabilistic Propagation of Conditional Density",
  author = "Micheal Acheson Isard",
  year = "1998",
  school = "University of Oxford",
  type = "Departement of Engineering Science",
  topics = "Robotic Research Group"
}

@inproceedings{arnaud2004filtrage,
  title="Filtrage conditionnel pour la trajectographie dans des sequences d'images-Application au suivi de points",
  author="Arnaud, Elise and Memin, Etienne and Cernuschi-Frias, Bruno and others",
  booktitle="14e congr{\`e}s francophone de Reconnaissance des formes et d'Intelligence artificielle (RFIA'04)",
  year="2004"
}

@article{isard1998condensation,
  title="Condensation—conditional density propagation for visual tracking",
  author="Isard, Michael and Blake, Andrew",
  journal="International journal of computer vision",
  volume="29",
  number="1",
  pages="5--28",
  year="1998",
  publisher="Springer"
}

@article{schmid1997local,
  title="Local grayvalue invariants for image retrieval",
  author="Schmid, Cordelia and Mohr, Roger",
  journal="Pattern Analysis and Machine Intelligence, IEEE Transactions on",
  volume="19",
  number="5",
  pages="530--535",
  year="1997",
  publisher="IEEE"
}

@article{brehardestimation,
  title="Estimation distribu{\'e}e pour un probleme de filtrage non lin{\'e}aire",
  author="Br{\'e}hard, Thomas and Le Cadre, Jean-Pierre"
}

@article{arulampalam2002tutorial,
  title="A tutorial on particle filters for online nonlinear/non-Gaussian Bayesian tracking",
  author="Arulampalam, M Sanjeev and Maskell, Simon and Gordon, Neil and Clapp, Tim",
  journal="Signal Processing, IEEE Transactions on",
  volume="50",
  number="2",
  pages="174--188",
  year="2002",
  publisher="IEEE"
}

@inproceedings{tay2001probabilistic,
  title="Probabilistic learning and modelling of object dynamics for tracking",
  author="Tay, Terence and Sung, Kah Kay",
  booktitle="Computer Vision, 2001. ICCV 2001. Proceedings. Eighth IEEE International Conference on",
  volume="1",
  pages="648--653",
  year="2001",
  organization="IEEE"
}

@phdthesis{bardet2009suivi,
  title="Suivi et cat{\'e}gorisation multi-objets par vision artificielle. Applications au suivi de personnes et de v{\'e}hicules",
  author="Bardet, Fran{\c{c}}ois",
  year="2009",
  school="Universit{\'e} Blaise Pascal-Clermont-Ferrand II"
}

@article{hue2001trajectographie,
  title="Trajectographie multi-objets par filtrage particulaire",
  author="Hue, Carine and Le Cadre, Jean-Pierre and P{\'e}rez, Patrick",
  journal="Actes des journes francophones des jeunes chercheurs eni analyse dirnages et perception visuelle, ORASIS",
  pages="511--520",
  year="2001"
}

@phdthesis{fontmarty2008vision,
  title="Vision et filtrage particulaire pour le suivi tridimensionnel de mouvements humains: applications {\`a} la robotique",
  author="Fontmarty, Mathias",
  year="2008",
  school="Universit{\'e} Paul Sabatier-Toulouse III"
}

@inproceedings{hamlaoui2005suivi,
  title="Suivi des mouvements faciaux et de la pose 2D d'un visage",
  author="Hamlaoui, Soumya and Davoine, Franck",
  booktitle="20eme Colloque sur le traitement du signal et des images, FRA, 2005",
  year="2005",
  organization="GRETSI, Groupe d’Etudes du Traitement du Signal et des Images"
}

@article{breton2004suivi,
  title="Suivi temporel d’objets en 2D et 3D: revue de litt{\'e}rature sur le filtre de Kalman et autres m{\'e}thodes par propagation de densit{\'e} de probabilit{\'e} conditionnelle.",
  author="Breton, Martin",
  journal="Report for the course, Laval University",
  year="2004"
}

@inproceedings{legland2003filtrage,
  title="Filtrage particulaire",
  author="Legland, Fran{\c{c}}ois",
  booktitle="Proceedings 19eme Colloque GRETSI sur le Traitement du Signal et des Images",
  volume="1",
  pages="1--8",
  year="2003"
}

@inproceedings{brethes2004segmentation,
  title="Segmentation couleur et condensation pour le suivi et la reconnaissance de gestes humains",
  author="Brethes, L and Menezes, P and Lerasle, F and Briot, M",
  booktitle="Reconnaissance des Formes et Intelligence Artificielle",
  volume="2",
  pages="967--975",
  year="2004"
}

@article{koller2001tracking,
  title="Tracking multiple objects using the condensation algorithm",
  author="Koller-Meier, Esther B and Ade, Frank",
  journal="Robotics and Autonomous Systems",
  volume="34",
  number="2",
  pages="93--105",
  year="2001",
  publisher="Elsevier"
}