@article{DBLP:journals/corr/JorgensenP14,
  author    = {Allan Gr{\o}nlund J{\o}rgensen and Seth Pettie},
  title     = {Threesomes, Degenerates, and Love Triangles},
  journal   = {CoRR},
  year      = {2014},
  volume    = {abs/1404.0799},
  url       = {http://arxiv.org/abs/1404.0799},
  timestamp = {Mon, 13 Oct 2014 17:53:15 +0200},
  biburl    = {http://dblp.uni-trier.de/rec/bib/journals/corr/JorgensenP14},
  bibsource = {dblp computer science bibliography, http://dblp.org}
}

@article{cj99-08,
       author={Jeff Erickson},
       title={Lower Bounds for Linear Satisfiability Problems},
       journal={Chicago Journal of Theoretical Computer Science},
       volume={1999},
       number={8},
       publisher={MIT Press},
       month={August},
       year={1999}
}

@article{king2004survey,
  title={A Survey of 3sum-Hard Problems},
  author={King, James},
  year={2004}
}

@article{DBLP:journals/comgeo/GajentaanO12,
  author    = {Anka Gajentaan and
               Mark H. Overmars},
  title     = {On a class of O(n\({}^{\mbox{2}}\)) problems in computational geometry},
  journal   = {Comput. Geom.},
  year      = {2012},
  volume    = {45},
  number    = {4},
  pages     = {140--152},
  url       = {http://dx.doi.org/10.1016/j.comgeo.2011.11.006},
  doi       = {10.1016/j.comgeo.2011.11.006},
  timestamp = {Mon, 27 Oct 2014 17:59:17 +0100},
  biburl    = {http://dblp.uni-trier.de/rec/bib/journals/comgeo/GajentaanO12},
  bibsource = {dblp computer science bibliography, http://dblp.org}
}
