@article{DBLP:journals/corr/JorgensenP14,
  author    = {Allan Gr{\o}nlund J{\o}rgensen and
               Seth Pettie},
  title     = {Threesomes, Degenerates, and Love Triangles},
  journal   = {CoRR},
  year      = {2014},
  volume    = {abs/1404.0799},
  url       = {http://arxiv.org/abs/1404.0799},
  timestamp = {Mon, 13 Oct 2014 17:53:15 +0200},
  biburl    = {http://dblp.uni-trier.de/rec/bib/journals/corr/JorgensenP14},
  bibsource = {dblp computer science bibliography, http://dblp.org}
}
