@article{DBLP:journals/algorithmica/VegaFS98,
  author    = {Wenceslas Fernandez de la Vega and Alan M. Frieze and Miklos Santha},
  title     = {Average-Case Analysis of the Merging Algorithm of Hwang and Lin},
  journal   = {Algorithmica},
  volume    = {22},
  number    = {4},
  year      = {1998},
  pages     = {483-489},
  ee        = {http://dx.doi.org/10.1007/PL00009235},
  bibsource = {DBLP, http://dblp.uni-trier.de}
}

@article{DBLP:journals/siamcomp/HwangL72,
  author    = {Frank K. Hwang and Shen Lin},
  title     = {A Simple Algorithm for Merging Two Disjoint Linearly-Ordered Sets},
  journal   = {SIAM J. Comput.},
  volume    = {1},
  number    = {1},
  year      = {1972},
  pages     = {31-39},
  ee        = {http://dx.doi.org/10.1137/0201004},
  bibsource = {DBLP, http://dblp.uni-trier.de}
}


@article{jcardin1,
    author  = "Jean Cardinal and Samuel Fiorini and Gwenaël Joret and Raphaël M. Jungers and J. Ian Munro",
    title   = "An Efficient Algorithm for Partial Order Production",
    year    = "2009"
}

@article{kkaligos1,
    author  = "Kanela Kaligosi and Kurt Mehlhorn and J. Ian Munro and Peter Sanders",
    title   = "Towards Optimal Multiple Selection",
    year    = "2005"
}

@article{kahnkim1,
  author  = "J. Kahn and J. H. Kim",
  title   = "Entropy and sorting",
  year    = "1995"
}

@book{Stanley:2011:ECV:2124415,
 author = {Stanley, Richard P.},
 title = {Enumerative Combinatorics: Volume 1},
 year = {2011},
 isbn = {1107602629, 9781107602625},
 edition = {2nd},
 publisher = {Cambridge University Press},
 address = {New York, NY, USA},
}

@inproceedings{DBLP:conf/birthday/CardinalF13,
  author    = {Jean Cardinal and Samuel Fiorini},
  title     = {On Generalized Comparison-Based Sorting Problems},
  booktitle = {Space-Efficient Data Structures, Streams, and Algorithms},
  year      = {2013},
  pages     = {164-175},
  ee        = {http://dx.doi.org/10.1007/978-3-642-40273-9_12},
  crossref  = {DBLP:conf/birthday/2013munro},
  bibsource = {DBLP, http://dblp.uni-trier.de}
}

@proceedings{DBLP:conf/birthday/2013munro,
  editor    = {Andrej Brodnik and Alejandro L{\'o}pez-Ortiz and Venkatesh Raman and Alfredo Viola},
  title     = {Space-Efficient Data Structures, Streams, and Algorithms - Papers in Honor of J. Ian Munro on the Occasion of His 66th Birthday},
  booktitle = {Space-Efficient Data Structures, Streams, and Algorithms},
  publisher = {Springer},
  series    = {Lecture Notes in Computer Science},
  volume    = {8066},
  year      = {2013},
  isbn      = {978-3-642-40272-2},
  ee        = {http://dx.doi.org/10.1007/978-3-642-40273-9},
  bibsource = {DBLP, http://dblp.uni-trier.de}
}

@article{feller1967direct,
  title={A direct proof of Stirling's formula},
  author={Feller, William},
  journal={American Mathematical Monthly},
  pages={1223--1225},
  year={1967},
  publisher={JSTOR}
}

@article{huffman1952method,
  title={A method for the construction of minimum redundancy codes},
  author={Huffman, David A and others},
  journal={Proceedings of the IRE},
  volume={40},
  number={9},
  pages={1098--1101},
  year={1952}
}

@book{leiserson2001introduction,
  title={Introduction to algorithms},
  author={Leiserson, Charles E and Rivest, Ronald L and Stein, Clifford and Cormen, Thomas H},
  year={2001},
  publisher={MIT press}
}

@book{goldstine1948planning,
  title={Planning and coding of problems for an electronic computing instrument},
  author={Goldstine, Herman Heine and Von Neumann, John and Mathematician, Hungary and von Neumann, John and von Neumann, John},
  year={1948},
  publisher={Institute for Advanced Study}
}

@book{cover2012elements,
  title={Elements of information theory},
  author={Cover, Thomas M and Thomas, Joy A},
  year={2012},
  publisher={John Wiley \& Sons}
}

@article{hoare1962quicksort,
  title={Quicksort},
  author={Hoare, Charles AR},
  journal={The Computer Journal},
  volume={5},
  number={1},
  pages={10--16},
  year={1962},
  publisher={Br Computer Soc}
}

@book{martelli2006python,
  title={Python in a Nutshell},
  author={Martelli, Alex},
  year={2006},
  publisher={" O'Reilly Media, Inc."}
}

@article{dijkstra1982smoothsort,
  title={Smoothsort, an alternative for sorting in situ},
  author={Dijkstra, Edsger W},
  journal={Science of Computer Programming},
  volume={1},
  number={3},
  pages={223--233},
  year={1982},
  publisher={Elsevier}
}

@article{musser1997introspective,
  title={Introspective sorting and selection algorithms},
  author={Musser, David R.},
  journal={Softw., Pract. Exper.},
  volume={27},
  number={8},
  pages={983--993},
  year={1997}
}

@article{yaroslavskiy2009dual,
  title={Dual-Pivot Quicksort},
  author={Yaroslavskiy, Vladimir},
  journal={Research Disclosure RD539015 (Sept., 2009), http://iaroslavski.narod. ru/quicksort/DualPivotQuicksort.pdf},
  year={2009}
}


@inproceedings{ciura2001best,
  title={Best increments for the average case of shellsort},
  author={Ciura, Marcin},
  booktitle={Fundamentals of Computation Theory},
  pages={106--117},
  year={2001},
  organization={Springer}
}

@article{jiang2000lower,
  title={A lower bound on the average-case complexity of Shellsort},
  author={Jiang, Tao and Li, Ming and Vit{\'a}nyi, Paul},
  journal={Journal of the ACM (JACM)},
  volume={47},
  number={5},
  pages={905--911},
  year={2000},
  publisher={ACM}
}

@incollection{sedgewick1996analysis,
  title={Analysis of Shellsort and related algorithms},
  author={Sedgewick, Robert},
  booktitle={Algorithms—ESA'96},
  pages={1--11},
  year={1996},
  publisher={Springer}
}

@article{cohen1995problem,
  title={On the problem of sorting burnt pancakes},
  author={Cohen, David S and Blum, Manuel},
  journal={Discrete Applied Mathematics},
  volume={61},
  number={2},
  pages={105--120},
  year={1995},
  publisher={Elsevier}
}

@article{cibulka2011average,
  title={On average and highest number of flips in pancake sorting},
  author={Cibulka, Josef},
  journal={Theoretical Computer Science},
  volume={412},
  number={8},
  pages={822--834},
  year={2011},
  publisher={Elsevier}
}

@article{sleator1985self,
  title={Self-adjusting binary search trees},
  author={Sleator, Daniel Dominic and Tarjan, Robert Endre},
  journal={Journal of the ACM (JACM)},
  volume={32},
  number={3},
  pages={652--686},
  year={1985},
  publisher={ACM}
}

@inproceedings{van1975preserving,
  title={Preserving order in a forest in less than logarithmic time},
  author={van Emde Boas, Peter},
  booktitle={FOCS},
  pages={75--84},
  year={1975}
}

@misc{knuth1998art,
  title={The art of computer programming: Sorting and Searching, 2nd edn., vol. 3},
  author={Knuth, DE},
  year={1998},
  publisher={Addison-Wesley, Reading}
}

@article{shell1959high,
  title={A high-speed sorting procedure},
  author={Shell, Donald L.},
  journal={Communications of the ACM},
  volume={2},
  number={7},
  pages={30--32},
  year={1959},
  publisher={ACM}
}

@article{fredman1976good,
  title={How good is the information theory bound in sorting?},
  author={Fredman, Michael L},
  journal={Theoretical Computer Science},
  volume={1},
  number={4},
  pages={355--361},
  year={1976},
  publisher={Elsevier}
}

@article{barequet2001polygon,
  title={POLYGON CONTAINMENT AND TRANSLATIONAL IN-HAUSDORFF-DISTANCE BETWEEN SEGMENT SETS ARE 3SUM-HARD},
  author={Barequet, Gill and Har-Peled, Sariel},
  journal={International Journal of Computational Geometry \& Applications},
  volume={11},
  number={04},
  pages={465--474},
  year={2001},
  publisher={World Scientific}
}

@inproceedings{barrera1996finding,
  title={Finding an o (n2 log n) algorithm is sometimes hard},
  author={Barrera, A Hern{\'a}ndez},
  booktitle={Proceedings of the 8th Canadian Conference on Computational Geometry},
  pages={289--294},
  year={1996},
  organization={Carleton University Press}
}

@article{dietzfelbinger1989lower,
  title={Lower bounds for sorting of sums},
  author={Dietzfelbinger, Martin},
  journal={Theoretical Computer Science},
  volume={66},
  number={2},
  pages={137--155},
  year={1989},
  publisher={Elsevier}
}

@article{steiger1995pseudo,
  title={A pseudo-algorithmic separation of lines from pseudo-lines},
  author={Steiger, William and Streinu, Ileana},
  journal={Information processing letters},
  volume={53},
  number={5},
  pages={295--299},
  year={1995},
  publisher={Elsevier}
}

@incollection{lambert1990sorting,
  title={Sorting the sums (xi+ yj) in O (n2) comparisons},
  author={Lambert, Jean-Luc},
  booktitle={STACS 90},
  pages={195--206},
  year={1990},
  publisher={Springer}
}

@inproceedings{erickson1997lower,
  title={Lower bounds for linear satisfiability problems},
  author={Erickson, Jeff},
  booktitle={Chicago Journal of Theoretical Computer Science},
  year={1997},
  organization={Citeseer}
}

@article{bremner2012necklaces,
  title={Necklaces, convolutions, and X+ Y},
  author={Bremner, David and Chan, Timothy M and Demaine, Erik D and Erickson, Jeff and Hurtado, Ferran and Iacono, John and Langerman, Stefan and Pǎtra{\c{s}}cu, Mihai and Taslakian, Perouz},
  journal={Algorithmica},
  pages={1--21},
  year={2012},
  publisher={Springer}
}

@article{kral2013new,
  title={A new bound for the 2/3 conjecture},
  author={Kr{\'a}l, Daniel and Liu, Chun-Hung and Sereni, Jean-S{\'e}bastien and Whalen, Peter and Yilma, Zelealem B},
  journal={Combinatorics, Probability and Computing},
  volume={22},
  number={03},
  pages={384--393},
  year={2013},
  publisher={Cambridge Univ Press}
}

@article{zaguia20111,
  title={The 1/3-2/3 conjecture for $ N $-free ordered sets},
  author={Zaguia, Imed},
  journal={arXiv preprint arXiv:1107.5626},
  year={2011}
}


@article{cardinal2013sorting,
  title={Sorting under partial information (without the ellipsoid algorithm)},
  author={Cardinal, Jean and Fiorini, Samuel and Joret, Gwena{\"e}l and Jungers, Rapha{\"e}l M and Munro, J Ian},
  journal={Combinatorica},
  volume={33},
  number={6},
  pages={655--697},
  year={2013},
  publisher={Springer}
}


@article{kahn1984balancing,
  title={Balancing poset extensions},
  author={Kahn, Jeff and Saks, Michael},
  journal={Order},
  volume={1},
  number={2},
  pages={113--126},
  year={1984},
  publisher={Springer}
}

@article{linial1984information,
  title={The information-theoretic bound is good for merging},
  author={Linial, Nathan},
  journal={SIAM Journal on Computing},
  volume={13},
  number={4},
  pages={795--801},
  year={1984},
  publisher={SIAM}
}

@article{kahn1991balancing,
  title={Balancing extensions via brunn-minkowski},
  author={Kahn, Jeff and Linial, Nathan},
  journal={Combinatorica},
  volume={11},
  number={4},
  pages={363--368},
  year={1991},
  publisher={Springer}
}

@article{brightwell1995balancing,
  title={Balancing pairs and the cross product conjecture},
  author={Brightwell, Graham R and Felsner, Stefan and Trotter, William T},
  journal={Order},
  volume={12},
  number={4},
  pages={327--349},
  year={1995},
  publisher={Springer}
}

@article{brightwell1999balanced,
  title={Balanced pairs in partial orders},
  author={Brightwell, Graham},
  journal={Discrete Mathematics},
  volume={201},
  number={1},
  pages={25--52},
  year={1999},
  publisher={Elsevier}
}

@book{DBLP:books/daglib/0029345,
  author    = {Robert Sedgewick and Kevin Wayne},
  title     = {Algorithms, 4th Edition},
  publisher = {Addison-Wesley},
  year      = {2011},
  isbn      = {978-0-321-57351-3},
  pages     = {I-XII, 1-955},
  bibsource = {DBLP, http://dblp.uni-trier.de}
}

@article{simonyi2001perfect,
  title={Perfect graphs and graph entropy. An updated survey},
  author={Simonyi, G{\'a}bor},
  journal={Perfect graphs},
  pages={293--328},
  year={2001},
  publisher={John Wiley and Sons, Ltd., Chichester}
}

@article{mowshowitz2012entropy,
  title={Entropy and the complexity of graphs revisited},
  author={Mowshowitz, Abbe and Dehmer, Matthias},
  journal={Entropy},
  volume={14},
  number={3},
  pages={559--570},
  year={2012},
  publisher={Molecular Diversity Preservation International}
}

@article{simonyi1995graph,
  title={Graph entropy: a survey},
  author={Simonyi, G{\'a}bor},
  journal={Combinatorial Optimization},
  volume={20},
  pages={399--441},
  year={1995},
  publisher={DIMACS Series in Discrete Mathematics and Theoretical Computer Science}
}

@article{brightwell1991counting,
  title={Counting linear extensions},
  author={Brightwell, Graham and Winkler, Peter},
  journal={Order},
  volume={8},
  number={3},
  pages={225--242},
  year={1991},
  publisher={Springer}
}

@inproceedings{korner1973coding,
  title={Coding of an information source having ambiguous alphabet and the entropy of graphs},
  author={K{\"o}rner, J},
  booktitle={6th Prague conference on information theory},
  pages={411--425},
  year={1973}
}

@article{huber2006fast,
  title={Fast perfect sampling from linear extensions},
  author={Huber, Mark},
  journal={Discrete Mathematics},
  volume={306},
  number={4},
  pages={420--428},
  year={2006},
  publisher={Elsevier}
}

@article{peczarski2006gold,
  title={The gold partition conjecture},
  author={Peczarski, Marcin},
  journal={Order},
  volume={23},
  number={1},
  pages={89--95},
  year={2006},
  publisher={Springer}
}

@article{peczarski2008gold,
  title={The gold partition conjecture for 6-thin posets},
  author={Peczarski, Marcin},
  journal={Order},
  volume={25},
  number={2},
  pages={91--103},
  year={2008},
  publisher={Springer}
}

@article{kislitsyn1968finite,
  title={A finite partially ordered set and its corresponding set of permutations},
  author={Kislitsyn, SS},
  journal={Mathematical Notes of the Academy of Sciences of the USSR},
  volume={4},
  number={5},
  pages={798--801},
  year={1968},
  publisher={Springer}
}

@ONLINE{orourke:2012:sortxy,
  author = {O'Rourke, Joseph},
  title = {Problem 41: Sorting X + Y (Pairwise Sums)},
  month = dec,
  year = {2012},
  url = {http://cs.smith.edu/~orourke/TOPP/P41.html#Problem.41}
}

@ONLINE{wiki:linext,
  author = {Wikipedia},
  title = {Linear extension - Wikipedia, the free encyclopedia},
  month = aug,
  year = {2014},
  url = {http://en.wikipedia.org/wiki/Linear_extension}
}

@article{gronlund:2014,
  author    = {Allan Gr{\o}nlund J{\o}rgensen and
               Seth Pettie},
  title     = {Threesomes, Degenerates, and Love Triangles},
  journal   = {CoRR},
  volume    = {abs/1404.0799},
  year      = {2014},
  url       = {http://arxiv.org/abs/1404.0799},
  timestamp = {Thu, 01 May 2014 14:56:20 +0200},
  biburl    = {http://dblp.uni-trier.de/rec/bib/journals/corr/JorgensenP14},
  bibsource = {dblp computer science bibliography, http://dblp.org}
}

@book{burgisser:1997,
  author    = {Peter B{\"{u}}rgisser and
               Michael Clausen and
               Mohammad Amin Shokrollahi},
  title     = {Algebraic complexity theory},
  series    = {Grundlehren der mathematischen Wissenschaften},
  volume    = {315},
  publisher = {Springer},
  year      = {1997},
  isbn      = {3-540-60582-7},
  timestamp = {Thu, 31 Jan 2013 18:02:56 +0100},
  biburl    = {http://dblp.uni-trier.de/rec/bib/books/daglib/0090316},
  bibsource = {dblp computer science bibliography, http://dblp.org}
}

@article{meiser:1993,
title = "Point Location in Arrangements of Hyperplanes",
journal = "Information and Computation",
volume = "106",
number = "2",
pages = "286 - 303",
year = "1993",
issn = "0890-5401",
doi = "http://dx.doi.org/10.1006/inco.1993.1057",
url = "http://www.sciencedirect.com/science/article/pii/S0890540183710576",
author = "S. Meiser"
}

@inproceedings{karp:1972,
  author    = {Richard M. Karp},
  title     = {Reducibility Among Combinatorial Problems},
  booktitle = {Proceedings of a symposium on the Complexity of Computer Computations,
               held March 20-22, 1972, at the {IBM} Thomas J. Watson Research Center,
               Yorktown Heights, New York.},
  pages     = {85--103},
  year      = {1972},
  crossref  = {DBLP:conf/coco/1972},
  url       = {http://www.cs.berkeley.edu/~luca/cs172/karp.pdf},
  timestamp = {Tue, 13 Sep 2011 20:52:52 +0200},
  biburl    = {http://dblp.uni-trier.de/rec/bib/conf/coco/Karp72},
  bibsource = {dblp computer science bibliography, http://dblp.org}
}

@proceedings{DBLP:conf/coco/1972,
  editor    = {Raymond E. Miller and
               James W. Thatcher},
  title     = {Proceedings of a symposium on the Complexity of Computer Computations,
               held March 20-22, 1972, at the {IBM} Thomas J. Watson Research Center,
               Yorktown Heights, New York},
  series    = {The {IBM} Research Symposia Series},
  publisher = {Plenum Press, New York},
  year      = {1972},
  isbn      = {0-306-30707-3},
  timestamp = {Tue, 13 Sep 2011 20:51:45 +0200},
  biburl    = {http://dblp.uni-trier.de/rec/bib/conf/coco/1972},
  bibsource = {dblp computer science bibliography, http://dblp.org}
}

@article{clarkson:1987,
  title={New applications of random sampling in computational geometry},
  author={Clarkson, Kenneth L},
  journal={Discrete \& Computational Geometry},
  volume={2},
  number={1},
  pages={195--222},
  year={1987},
  publisher={Springer}
}

@article{chazelle:1993,
  title={Cutting hyperplanes for divide-and-conquer},
  author={Chazelle, Bernard},
  journal={Discrete \& Computational Geometry},
  volume={9},
  number={1},
  pages={145--158},
  year={1993},
  publisher={Springer}
}

@article{dobkin:1976,
  title={Multidimensional searching problems},
  author={Dobkin, David and Lipton, Richard J},
  journal={SIAM Journal on Computing},
  volume={5},
  number={2},
  pages={181--186},
  year={1976},
  publisher={SIAM}
}

@article{haussler:1987,
  title={ɛ-nets and simplex range queries},
  author={Haussler, David and Welzl, Emo},
  journal={Discrete \& Computational Geometry},
  volume={2},
  number={1},
  pages={127--151},
  year={1987},
  publisher={Springer}
}

@article{meyer:1984,
  title={A polynomial linear search algorithm for the n-dimensional knapsack problem},
  author={Meyer auf der Heide, Friedhelm},
  journal={Journal of the ACM (JACM)},
  volume={31},
  number={3},
  pages={668--676},
  year={1984},
  publisher={ACM}
}
