
@article{gronlund:2014,
  author    = {Allan Gr{\o}nlund J{\o}rgensen and
               Seth Pettie},
  title     = {Threesomes, Degenerates, and Love Triangles},
  journal   = {CoRR},
  volume    = {abs/1404.0799},
  year      = {2014},
  url       = {http://arxiv.org/abs/1404.0799},
  timestamp = {Thu, 01 May 2014 14:56:20 +0200},
  biburl    = {http://dblp.uni-trier.de/rec/bib/journals/corr/JorgensenP14},
  bibsource = {dblp computer science bibliography, http://dblp.org}
}

@article{ailon:2005,
  author    = {Nir Ailon and
               Bernard Chazelle},
  title     = {Lower bounds for linear degeneracy testing},
  journal   = {J. {ACM}},
  volume    = {52},
  number    = {2},
  pages     = {157--171},
  year      = {2005},
  url       = {http://doi.acm.org/10.1145/1059513.1059515},
  doi       = {10.1145/1059513.1059515},
  timestamp = {Thu, 09 Feb 2006 13:34:10 +0100},
  biburl    = {http://dblp.uni-trier.de/rec/bib/journals/jacm/AilonC05},
  bibsource = {dblp computer science bibliography, http://dblp.org}
}

@article{erickson:1999,
  author    = {Jeff Erickson},
  title     = {Lower Bounds for Linear Satisfiability Problems},
  journal   = {Chicago J. Theor. Comput. Sci.},
  volume    = {1999},
  year      = {1999},
  url       = {http://cjtcs.cs.uchicago.edu/articles/1999/8/contents.html},
  timestamp = {Thu, 08 Jul 2004 09:32:20 +0200},
  biburl    = {http://dblp.uni-trier.de/rec/bib/journals/cjtcs/Erickson99},
  bibsource = {dblp computer science bibliography, http://dblp.org}
}
@article{king2004survey,
  title={A Survey of 3sum-Hard Problems},
  author={King, James},
  year={2004}
}

@article{barequet2001polygon,
  title={POLYGON CONTAINMENT AND TRANSLATIONAL IN-HAUSDORFF-DISTANCE BETWEEN SEGMENT SETS ARE 3SUM-HARD},
  author={Barequet, Gill and Har-Peled, Sariel},
  journal={International Journal of Computational Geometry \& Applications},
  volume={11},
  number={04},
  pages={465--474},
  year={2001},
  publisher={World Scientific}
}

@inproceedings{barrera1996finding,
  title={Finding an o (n2 log n) algorithm is sometimes hard},
  author={Barrera, A Hern{\'a}ndez},
  booktitle={Proceedings of the 8th Canadian Conference on Computational Geometry},
  pages={289--294},
  year={1996},
  organization={Carleton University Press}
}

@article{dietzfelbinger1989lower,
  title={Lower bounds for sorting of sums},
  author={Dietzfelbinger, Martin},
  journal={Theoretical Computer Science},
  volume={66},
  number={2},
  pages={137--155},
  year={1989},
  publisher={Elsevier}
}
@article{DBLP:journals/comgeo/GajentaanO12,
  author    = {Anka Gajentaan and
               Mark H. Overmars},
  title     = {On a class of O(n\({}^{\mbox{2}}\)) problems in computational geometry},
  journal   = {Comput. Geom.},
  year      = {2012},
  volume    = {45},
  number    = {4},
  pages     = {140--152},
  url       = {http://dx.doi.org/10.1016/j.comgeo.2011.11.006},
  doi       = {10.1016/j.comgeo.2011.11.006},
  timestamp = {Mon, 27 Oct 2014 17:59:17 +0100},
  biburl    = {http://dblp.uni-trier.de/rec/bib/journals/comgeo/GajentaanO12},
  bibsource = {dblp computer science bibliography, http://dblp.org}
}


