
@article{kahn1984balancing,
  title={Balancing poset extensions},
  author={Kahn, Jeff and Saks, Michael},
  journal={Order},
  volume={1},
  number={2},
  pages={113--126},
  year={1984},
  publisher={Springer}
}


@article{kahn1991balancing,
  title={Balancing extensions via {B}runn-{M}inkowski},
  author={Kahn, Jeff and Linial, Nathan},
  journal={Combinatorica},
  volume={11},
  number={4},
  pages={363--368},
  year={1991},
  publisher={Springer}
}

@article{brightwell1995balancing,
  title={Balancing pairs and the cross product conjecture},
  author={Brightwell, Graham R and Felsner, Stefan and Trotter, William T},
  journal={Order},
  volume={12},
  number={4},
  pages={327--349},
  year={1995},
  publisher={Springer}
}

@article{brightwell1999balanced,
  title={Balanced pairs in partial orders},
  author={Brightwell, Graham},
  journal={Discrete Mathematics},
  volume={201},
  number={1},
  pages={25--52},
  year={1999},
  publisher={Elsevier}
}
