
@book{leiserson:2001,
  title={Introduction to algorithms},
  author={Leiserson, Charles E and Rivest, Ronald L and Stein, Clifford and Cormen, Thomas H},
  year={2001},
  publisher={MIT press}
}

@book{knuth1998art,
  title={The art of computer programming: Sorting and Searching, 2nd edn., vol. 3},
  author={Knuth, DE},
  year={1998},
  publisher={Addison-Wesley, Reading}
}

@book{DBLP:books/daglib/0029345,
  author    = {Robert Sedgewick and Kevin Wayne},
  title     = {Algorithms, 4th Edition},
  publisher = {Addison-Wesley},
  year      = {2011},
  isbn      = {978-0-321-57351-3},
  pages     = {I-XII, 1-955},
  bibsource = {DBLP, http://dblp.uni-trier.de}
}

@book{berge:1984,
  title={Topics on perfect graphs},
  author={Berge, Claude and Chv{\'a}tal, Va{\v{s}}ek},
  year={1984},
  publisher={North-Holland Amsterdam, The Netherlands}
}
