@article{sleator:1985,
  title={Self-adjusting binary search trees},
  author={Sleator, Daniel Dominic and Tarjan, Robert Endre},
  journal={Journal of the ACM (JACM)},
  volume={32},
  number={3},
  pages={652--686},
  year={1985},
  publisher={ACM}
}
