@article{kahn:1995,
  title={Entropy and sorting},
  author={Kahn, Jeff and Kim, Jeong Han},
  journal={Journal of Computer and System Sciences},
  volume={51},
  number={3},
  pages={390--399},
  year={1995},
  publisher={Elsevier}
}

@article{simonyi2001perfect,
  title={Perfect graphs and graph entropy. An updated survey},
  author={Simonyi, G{\'a}bor},
  journal={Perfect graphs},
  pages={293--328},
  year={2001},
  publisher={John Wiley and Sons, Ltd., Chichester}
}

@article{mowshowitz2012entropy,
  title={Entropy and the complexity of graphs revisited},
  author={Mowshowitz, Abbe and Dehmer, Matthias},
  journal={Entropy},
  volume={14},
  number={3},
  pages={559--570},
  year={2012},
  publisher={Molecular Diversity Preservation International}
}

@article{simonyi1995graph,
  title={Graph entropy: a survey},
  author={Simonyi, G{\'a}bor},
  journal={Combinatorial Optimization},
  volume={20},
  pages={399--441},
  year={1995},
  publisher={DIMACS Series in Discrete Mathematics and Theoretical Computer Science}
}

@inproceedings{korner1973coding,
  title={Coding of an information source having ambiguous alphabet and the entropy of graphs},
  author={K{\"o}rner, J},
  booktitle={6th Prague conference on information theory},
  pages={411--425},
  year={1973}
}
