@article{feller1967direct,
  title={A direct proof of Stirling's formula},
  author={Feller, William},
  journal={American Mathematical Monthly},
  pages={1223--1225},
  year={1967},
  publisher={JSTOR}
}

@article{huffman1952method,
  title={A method for the construction of minimum redundancy codes},
  author={Huffman, David A and others},
  journal={Proceedings of the IRE},
  volume={40},
  number={9},
  pages={1098--1101},
  year={1952}
}


@book{cover2012elements,
  title={Elements of information theory},
  author={Cover, Thomas M and Thomas, Joy A},
  year={2012},
  publisher={John Wiley \& Sons}
}

@inproceedings{karp:1972,
  author    = {Richard M. Karp},
  title     = {Reducibility Among Combinatorial Problems},
  booktitle = {Proceedings of a symposium on the Complexity of Computer Computations,
               held March 20-22, 1972, at the {IBM} Thomas J. Watson Research Center,
               Yorktown Heights, New York.},
  pages     = {85--103},
  year      = {1972},
  crossref  = {DBLP:conf/coco/1972},
  url       = {http://www.cs.berkeley.edu/~luca/cs172/karp.pdf},
  timestamp = {Tue, 13 Sep 2011 20:52:52 +0200},
  biburl    = {http://dblp.uni-trier.de/rec/bib/conf/coco/Karp72},
  bibsource = {dblp computer science bibliography, http://dblp.org}
}

@proceedings{DBLP:conf/coco/1972,
  editor    = {Raymond E. Miller and
               James W. Thatcher},
  title     = {Proceedings of a symposium on the Complexity of Computer Computations,
               held March 20-22, 1972, at the {IBM} Thomas J. Watson Research Center,
               Yorktown Heights, New York},
  series    = {The {IBM} Research Symposia Series},
  publisher = {Plenum Press, New York},
  year      = {1972},
  isbn      = {0-306-30707-3},
  timestamp = {Tue, 13 Sep 2011 20:51:45 +0200},
  biburl    = {http://dblp.uni-trier.de/rec/bib/conf/coco/1972},
  bibsource = {dblp computer science bibliography, http://dblp.org}
}

@article{frame:1954,
  title={The hook graphs of the symmetric group},
  author={Frame, JS and Robinson, G de B and Thrall, RM and others},
  journal={Canad. J. Math},
  volume={6},
  number={316},
  pages={C324},
  year={1954}
}


@article{bareiss:1968,
  title={Sylvesterâ€™s identity and multistep integer-preserving Gaussian elimination},
  author={Bareiss, Erwin H},
  journal={Mathematics of computation},
  volume={22},
  number={103},
  pages={565--578},
  year={1968}
}
