@article{DBLP:journals/algorithmica/VegaFS98,
  author    = {Wenceslas Fernandez de la Vega and Alan M. Frieze and Miklos Santha},
  title     = {Average-Case Analysis of the Merging Algorithm of Hwang and Lin},
  journal   = {Algorithmica},
  volume    = {22},
  number    = {4},
  year      = {1998},
  pages     = {483-489},
  ee        = {http://dx.doi.org/10.1007/PL00009235},
  bibsource = {DBLP, http://dblp.uni-trier.de}
}

@article{DBLP:journals/siamcomp/HwangL72,
  author    = {Frank K. Hwang and Shen Lin},
  title     = {A Simple Algorithm for Merging Two Disjoint Linearly-Ordered Sets},
  journal   = {SIAM J. Comput.},
  volume    = {1},
  number    = {1},
  year      = {1972},
  pages     = {31-39},
  ee        = {http://dx.doi.org/10.1137/0201004},
  bibsource = {DBLP, http://dblp.uni-trier.de}
}

@book{goldstine1948planning,
  title={Planning and coding of problems for an electronic computing instrument},
  author={Goldstine, Herman Heine and Von Neumann, John and Mathematician, Hungary and von Neumann, John and von Neumann, John},
  year={1948},
  publisher={Institute for Advanced Study}
}


