@MISC{OEIS:A039622,
AUTHOR={Floor van Lamoen},
TITLE={The {O}n-{L}ine {E}ncyclopedia of {I}nteger {S}equences},
HOWPUBLISHED={\href{http://oeis.org/A039622}{A039622}},
MONTH={},
YEAR={},
NOTE={Number of n X n Young tableaux.}
}

@MISC{OEIS:A060854,
AUTHOR={R. H. Hardin},
TITLE={The {O}n-{L}ine {E}ncyclopedia of {I}nteger {S}equences},
HOWPUBLISHED={\href{http://oeis.org/A060854}{A060854}},
MONTH={May},
YEAR={2001},
NOTE={Array T(m,n) read by antidiagonals: T(m,n) (m >= 1, n >= 1) = number of ways to arrange the numbers 1,2,..,m*n in an m X n matrix so that each row and each column is increasing.}
}



