@article{ford:1959,
  title={A tournament problem},
  author={Ford, Lester R and Johnson, Selmer M},
  journal={American Mathematical Monthly},
  pages={387--389},
  year={1959},
  publisher={JSTOR}
}

@article{manacher:1979,
  title={The Ford-Johnson sorting algorithm is not optimal},
  author={Manacher, Glenn K},
  journal={Journal of the ACM (JACM)},
  volume={26},
  number={3},
  pages={441--456},
  year={1979},
  publisher={ACM}
}

@inproceedings{hwang:1969,
  title={An analysis of Ford and Johnsonâ€™s sorting algorithm},
  author={Hwang, F and Lin, Shen},
  booktitle={Proc. Third Annual Princeton Conf. on Inform. Sci. and Systems},
  pages={292--296},
  year={1969}
}
