@book{burgisser:1997,
  author    = {Peter B{\"{u}}rgisser and
               Michael Clausen and
               Mohammad Amin Shokrollahi},
  title     = {Algebraic complexity theory},
  series    = {Grundlehren der mathematischen Wissenschaften},
  volume    = {315},
  publisher = {Springer},
  year      = {1997},
  isbn      = {3-540-60582-7},
  timestamp = {Thu, 31 Jan 2013 18:02:56 +0100},
  biburl    = {http://dblp.uni-trier.de/rec/bib/books/daglib/0090316},
  bibsource = {dblp computer science bibliography, http://dblp.org}
}

@article{meiser:1993,
title = "Point Location in Arrangements of Hyperplanes",
journal = "Information and Computation",
volume = "106",
number = "2",
pages = "286 - 303",
year = "1993",
issn = "0890-5401",
doi = "http://dx.doi.org/10.1006/inco.1993.1057",
url = "http://www.sciencedirect.com/science/article/pii/S0890540183710576",
author = "S. Meiser"
}

@article{buck:1943,
  title={Partition of space},
  author={Buck, RC},
  journal={American Mathematical Monthly},
  pages={541--544},
  year={1943},
  publisher={JSTOR}
}

@article{matousek:2002,
  title={Lectures on discrete geometry, volume 212 of},
  author={Matoušek, Jiří},
  journal={Graduate Texts in Mathematics},
  pages={323--362},
  year={2002}
}

@article{clarkson:1987,
  title={New applications of random sampling in computational geometry},
  author={Clarkson, Kenneth L},
  journal={Discrete \& Computational Geometry},
  volume={2},
  number={1},
  pages={195--222},
  year={1987},
  publisher={Springer}
}

@article{chazelle:1993,
  title={Cutting hyperplanes for divide-and-conquer},
  author={Chazelle, Bernard},
  journal={Discrete \& Computational Geometry},
  volume={9},
  number={1},
  pages={145--158},
  year={1993},
  publisher={Springer}
}

@article{dobkin:1976,
  title={Multidimensional searching problems},
  author={Dobkin, David and Lipton, Richard J},
  journal={SIAM Journal on Computing},
  volume={5},
  number={2},
  pages={181--186},
  year={1976},
  publisher={SIAM}
}

@article{meyer:1984,
  title={A polynomial linear search algorithm for the $n$-dimensional knapsack problem},
  author={Meyer auf der Heide, Friedhelm},
  journal={Journal of the ACM (JACM)},
  volume={31},
  number={3},
  pages={668--676},
  year={1984},
  publisher={ACM}
}

@article{haussler:1987,
  title={\(\epsilon\)-nets and simplex range queries},
  author={Haussler, David and Welzl, Emo},
  journal={Discrete \& Computational Geometry},
  volume={2},
  number={1},
  pages={127--151},
  year={1987},
  publisher={Springer}
}
