@article{cardinal:2010,
  title={An efficient algorithm for partial order production},
  author={Cardinal, Jean and Fiorini, Samuel and Joret, Gwena{\"e}l and Jungers, Rapha{\"e}l M and Munro, J Ian},
  journal={SIAM journal on computing},
  volume={39},
  number={7},
  pages={2927--2940},
  year={2010},
  publisher={SIAM}
}

@incollection{kaligosi:2005,
  title={Towards optimal multiple selection},
  author={Kaligosi, Kanela and Mehlhorn, Kurt and Munro, J Ian and Sanders, Peter},
  booktitle={Automata, Languages and Programming},
  pages={103--114},
  year={2005},
  publisher={Springer}
}
