@book{Stanley:2011:ECV:2124415,
 author = {Stanley, Richard P.},
 title = {Enumerative Combinatorics: Volume 1},
 year = {2011},
 isbn = {1107602629, 9781107602625},
 edition = {2nd},
 publisher = {Cambridge University Press},
 address = {New York, NY, USA},
}

@MISC{wiki:linext,
  author = {Wikipedia},
  title = {Linear extension - Wikipedia, the free encyclopedia},
  month = aug,
  year = {2014},
  howpublished = {\url{http://en.wikipedia.org/wiki/Linear_extension}}
}


@article{zaguia20111,
  title={The $\sfrac{1}{3}$-$\sfrac{2}{3}$ conjecture for ${N}$-free ordered sets},
  author={Zaguia, Imed},
  journal={arXiv preprint arXiv:1107.5626},
  year={2011}
}

@article{peczarski2006gold,
  title={The gold partition conjecture},
  author={Peczarski, Marcin},
  journal={Order},
  volume={23},
  number={1},
  pages={89--95},
  year={2006},
  publisher={Springer}
}

@article{peczarski2008gold,
  title={The gold partition conjecture for $6$-thin posets},
  author={Peczarski, Marcin},
  journal={Order},
  volume={25},
  number={2},
  pages={91--103},
  year={2008},
  publisher={Springer}
}

@article{kislitsyn1968finite,
  title={A finite partially ordered set and its corresponding set of permutations},
  author={Kislitsyn, SS},
  journal={Mathematical Notes of the Academy of Sciences of the USSR},
  volume={4},
  number={5},
  pages={798--801},
  year={1968},
  publisher={Springer}
}
