@inproceedings{DBLP:conf/birthday/CardinalF13,
  author    = {Jean Cardinal and Samuel Fiorini},
  title     = {On Generalized Comparison-Based Sorting Problems},
  booktitle = {Space-Efficient Data Structures, Streams, and Algorithms},
  year      = {2013},
  pages     = {164-175},
  ee        = {http://dx.doi.org/10.1007/978-3-642-40273-9_12},
  crossref  = {DBLP:conf/birthday/2013munro},
  bibsource = {DBLP, http://dblp.uni-trier.de}
}

@article{hoare1962quicksort,
  title={Quicksort},
  author={Hoare, Charles AR},
  journal={The Computer Journal},
  volume={5},
  number={1},
  pages={10--16},
  year={1962},
  publisher={Br Computer Soc}
}

@book{martelli2006python,
  title={Python in a Nutshell},
  author={Martelli, Alex},
  year={2006},
  publisher={" O'Reilly Media, Inc."}
}

@article{dijkstra1982smoothsort,
  title={Smoothsort, an alternative for sorting in situ},
  author={Dijkstra, Edsger W},
  journal={Science of Computer Programming},
  volume={1},
  number={3},
  pages={223--233},
  year={1982},
  publisher={Elsevier}
}

@article{musser1997introspective,
  title={Introspective sorting and selection algorithms},
  author={Musser, David R.},
  journal={Softw., Pract. Exper.},
  volume={27},
  number={8},
  pages={983--993},
  year={1997}
}

@article{yaroslavskiy2009dual,
  title={Dual-Pivot Quicksort},
  author={Yaroslavskiy, Vladimir},
  journal={Research Disclosure RD539015 (Sept., 2009), http://iaroslavski.narod. ru/quicksort/DualPivotQuicksort.pdf},
  year={2009}
}


@inproceedings{ciura2001best,
  title={Best increments for the average case of shellsort},
  author={Ciura, Marcin},
  booktitle={Fundamentals of Computation Theory},
  pages={106--117},
  year={2001},
  organization={Springer}
}

@article{jiang2000lower,
  title={A lower bound on the average-case complexity of Shellsort},
  author={Jiang, Tao and Li, Ming and Vit{\'a}nyi, Paul},
  journal={Journal of the ACM (JACM)},
  volume={47},
  number={5},
  pages={905--911},
  year={2000},
  publisher={ACM}
}

@incollection{sedgewick1996analysis,
  title={Analysis of Shellsort and related algorithms},
  author={Sedgewick, Robert},
  booktitle={Algorithmsâ€”ESA'96},
  pages={1--11},
  year={1996},
  publisher={Springer}
}

@article{cohen1995problem,
  title={On the problem of sorting burnt pancakes},
  author={Cohen, David S and Blum, Manuel},
  journal={Discrete Applied Mathematics},
  volume={61},
  number={2},
  pages={105--120},
  year={1995},
  publisher={Elsevier}
}

@article{cibulka2011average,
  title={On average and highest number of flips in pancake sorting},
  author={Cibulka, Josef},
  journal={Theoretical Computer Science},
  volume={412},
  number={8},
  pages={822--834},
  year={2011},
  publisher={Elsevier}
}

@article{shell1959high,
  title={A high-speed sorting procedure},
  author={Shell, Donald L.},
  journal={Communications of the ACM},
  volume={2},
  number={7},
  pages={30--32},
  year={1959},
  publisher={ACM}
}


