
@article{fredman:1976,
  title={How good is the information theory bound in sorting?},
  author={Fredman, Michael L},
  journal={Theoretical Computer Science},
  volume={1},
  number={4},
  pages={355--361},
  year={1976},
  publisher={Elsevier}
}

@article{linial:1984,
  title={The information-theoretic bound is good for merging},
  author={Linial, Nathan},
  journal={SIAM Journal on Computing},
  volume={13},
  number={4},
  pages={795--801},
  year={1984},
  publisher={SIAM}
}

@article{cardinal:2013,
  title={Sorting under partial information (without the ellipsoid algorithm)},
  author={Cardinal, Jean and Fiorini, Samuel and Joret, Gwena{\"e}l and Jungers, Rapha{\"e}l M and Munro, J Ian},
  journal={Combinatorica},
  volume={33},
  number={6},
  pages={655--697},
  year={2013},
  publisher={Springer}
}

@article{moran:2015,
  year={2015},
  journal={Order},
  title={A Note on Average-Case Sorting},
  publisher={Springer Netherlands},
  author={Moran, Shay and Yehudayoff, Amir},
  pages={1-6},
}
