

@proceedings{DBLP:conf/birthday/2013munro,
  editor    = {Andrej Brodnik and Alejandro L{\'o}pez-Ortiz and Venkatesh Raman and Alfredo Viola},
  title     = {Space-Efficient Data Structures, Streams, and Algorithms - Papers in Honor of J. Ian Munro on the Occasion of His 66th Birthday},
  booktitle = {Space-Efficient Data Structures, Streams, and Algorithms},
  publisher = {Springer},
  series    = {Lecture Notes in Computer Science},
  volume    = {8066},
  year      = {2013},
  isbn      = {978-3-642-40272-2},
  ee        = {http://dx.doi.org/10.1007/978-3-642-40273-9},
  bibsource = {DBLP, http://dblp.uni-trier.de}
}


@article{sleator1985self,
  title={Self-adjusting binary search trees},
  author={Sleator, Daniel Dominic and Tarjan, Robert Endre},
  journal={Journal of the ACM (JACM)},
  volume={32},
  number={3},
  pages={652--686},
  year={1985},
  publisher={ACM}
}

@inproceedings{van1975preserving,
  title={Preserving order in a forest in less than logarithmic time},
  author={van Emde Boas, Peter},
  booktitle={FOCS},
  pages={75--84},
  year={1975}
}


@article{steiger1995pseudo,
  title={A pseudo-algorithmic separation of lines from pseudo-lines},
  author={Steiger, William and Streinu, Ileana},
  journal={Information processing letters},
  volume={53},
  number={5},
  pages={295--299},
  year={1995},
  publisher={Elsevier}
}


@article{brightwell1991counting,
  title={Counting linear extensions},
  author={Brightwell, Graham and Winkler, Peter},
  journal={Order},
  volume={8},
  number={3},
  pages={225--242},
  year={1991},
  publisher={Springer}
}


@article{huber2006fast,
  title={Fast perfect sampling from linear extensions},
  author={Huber, Mark},
  journal={Discrete Mathematics},
  volume={306},
  number={4},
  pages={420--428},
  year={2006},
  publisher={Elsevier}
}







