
@incollection{lambert1990sorting,
  title={Sorting the sums (xi + yj) in O (n2) comparisons},
  author={Lambert, Jean-Luc},
  booktitle={STACS 90},
  pages={195--206},
  year={1990},
  publisher={Springer}
}

@article{bremner2012necklaces,
  title={Necklaces, convolutions, and X + Y},
  author={Bremner, David and Chan, Timothy M and Demaine, Erik D and Erickson, Jeff and Hurtado, Ferran and Iacono, John and Langerman, Stefan and PÇŽtra{\c{s}}cu, Mihai and Taslakian, Perouz},
  journal={Algorithmica},
  pages={1--21},
  year={2012},
  publisher={Springer}
}

@MISC{orourke:2012:sortxy,
  author = {O'Rourke, Joseph},
  title = {Problem 41: Sorting X + Y (Pairwise Sums)},
  month = dec,
  year = {2012},
  howpublished = {\url{http://cs.smith.edu/~orourke/TOPP/P41.html#Problem.41}}
}


@article{greene:1979,
  title={A probabilistic proof of a formula for the number of Young tableaux of a given shape},
  author={Greene, Curtis and Nijenhuis, Albert and Wilf, Herbert S},
  journal={Advances in Mathematics},
  volume={31},
  number={1},
  pages={104--109},
  year={1979},
  publisher={Elsevier}
}
