@article{DBLP:journals/algorithmica/VegaFS98,
  author    = {Wenceslas Fernandez de la Vega and Alan M. Frieze and Miklos Santha},
  title     = {Average-Case Analysis of the Merging Algorithm of Hwang and Lin},
  journal   = {Algorithmica},
  volume    = {22},
  number    = {4},
  year      = {1998},
  pages     = {483-489},
  ee        = {http://dx.doi.org/10.1007/PL00009235},
  bibsource = {DBLP, http://dblp.uni-trier.de}
}

@article{DBLP:journals/siamcomp/HwangL72,
  author    = {Frank K. Hwang and Shen Lin},
  title     = {A Simple Algorithm for Merging Two Disjoint Linearly-Ordered Sets},
  journal   = {SIAM J. Comput.},
  volume    = {1},
  number    = {1},
  year      = {1972},
  pages     = {31-39},
  ee        = {http://dx.doi.org/10.1137/0201004},
  bibsource = {DBLP, http://dblp.uni-trier.de}
}


@article{jcardin1,
    author  = "Jean Cardinal and Samuel Fiorini and Gwenaël Joret and Raphaël M. Jungers and J. Ian Munro",
    title   = "An Efficient Algorithm for Partial Order Production",
    year    = "2009"
}

@article{kkaligos1,
    author  = "Kanela Kaligosi and Kurt Mehlhorn and J. Ian Munro and Peter Sanders",
    title   = "Towards Optimal Multiple Selection",
    year    = "2005"
}

@article{kahnkim1,
  author  = "J. Kahn and J. H. Kim",
  title   = "Entropy and sorting",
  year    = "1995"
}

@book{Stanley:2011:ECV:2124415,
 author = {Stanley, Richard P.},
 title = {Enumerative Combinatorics: Volume 1},
 year = {2011},
 isbn = {1107602629, 9781107602625},
 edition = {2nd},
 publisher = {Cambridge University Press},
 address = {New York, NY, USA},
} 

@inproceedings{DBLP:conf/birthday/CardinalF13,
  author    = {Jean Cardinal and Samuel Fiorini},
  title     = {On Generalized Comparison-Based Sorting Problems},
  booktitle = {Space-Efficient Data Structures, Streams, and Algorithms},
  year      = {2013},
  pages     = {164-175},
  ee        = {http://dx.doi.org/10.1007/978-3-642-40273-9_12},
  crossref  = {DBLP:conf/birthday/2013munro},
  bibsource = {DBLP, http://dblp.uni-trier.de}
}

@proceedings{DBLP:conf/birthday/2013munro,
  editor    = {Andrej Brodnik and Alejandro L{\'o}pez-Ortiz and Venkatesh Raman and Alfredo Viola},
  title     = {Space-Efficient Data Structures, Streams, and Algorithms - Papers in Honor of J. Ian Munro on the Occasion of His 66th Birthday},
  booktitle = {Space-Efficient Data Structures, Streams, and Algorithms},
  publisher = {Springer},
  series    = {Lecture Notes in Computer Science},
  volume    = {8066},
  year      = {2013},
  isbn      = {978-3-642-40272-2},
  ee        = {http://dx.doi.org/10.1007/978-3-642-40273-9},
  bibsource = {DBLP, http://dblp.uni-trier.de}
}

@article{feller1967direct,
  title={A direct proof of Stirling's formula},
  author={Feller, William},
  journal={American Mathematical Monthly},
  pages={1223--1225},
  year={1967},
  publisher={JSTOR}
}

@article{huffman1952method,
  title={A method for the construction of minimum redundancy codes},
  author={Huffman, David A and others},
  journal={Proceedings of the IRE},
  volume={40},
  number={9},
  pages={1098--1101},
  year={1952}
}

@book{leiserson2001introduction,
  title={Introduction to algorithms},
  author={Leiserson, Charles E and Rivest, Ronald L and Stein, Clifford and Cormen, Thomas H},
  year={2001},
  publisher={MIT press}
}

@book{goldstine1948planning,
  title={Planning and coding of problems for an electronic computing instrument},
  author={Goldstine, Herman Heine and Von Neumann, John and Mathematician, Hungary and von Neumann, John and von Neumann, John},
  year={1948},
  publisher={Institute for Advanced Study}
}

@book{cover2012elements,
  title={Elements of information theory},
  author={Cover, Thomas M and Thomas, Joy A},
  year={2012},
  publisher={John Wiley \& Sons}
}